@BOOK{W02,
  title = {A New Kind of Science},
  publisher = {Wolfram Media, Inc.},
  year = {2002},
  author = {Stephen Wolfram},
  address = {100 Trade Center Drive, Champaign, IL 61820, USA},
  series = {First edition. Third printing},
  isbn = {I-57955-008-8}
}

@BOOK{Schiff08,
  title = {Cellular Automata},
  publisher = {John Wiley and Sons, Inc., Hoboken, New Jersey, USA},
  year = {2008},
  author = {Joel L. Schiff},
  address = {Corporate Headquarters, 111 River Street, Hoboken, NJ 07030-5774},
  series = {First edition},
  isbn = {978-0-470-16879-0}
}

@BOOK{Knuth,
  title = {The Art of Computer Programming, Volume 2: Seminumerical Algorithms},
  publisher = {Addison-Wesley Pub (Sd)},
  year = {1981},
  author = {Donald E. Knuth},
  address = {75 Arlington Street, Suite 300, Boston, Massachusetts, USA},
  series = {2nd edition},
  isbn = {978-0201038224}
}

@BOOK{Crypt,
  title = {Introduction to Cryptography},
  publisher = {Georg-Simon-Ohm University of Applied Sciences Nürnberg, Department of Computer Science},
  year = {2002},
  author = {Hans Delfs and Helmut Knebl},
  address = {Kesslerplatz 12, 90489 Nürnberg, Germany},
  series = {First edition},
  isbn = {3-540-42278-1}
}

@BOOK{Csharp,
  title = {Professional C\# 4 and .NET 4},
  publisher = {Wiley Publishing, Inc.},
  year = {2010},
  author = {Christian Nagel and Bill Evjen and Jay Glynn and Karli Watson and Morgan Skinner},
  address = {10475 Crosspoint Boulevard, Indianapolis, IN 46256, USA},
  series = {First edition},
  isbn = {978-0-470-50225-9}
}

@ARTICLE{Lev,
  author = {Vladimir Levenshtein},
  title = {Binary codes capable of correcting deletions, insertions, and reversals},
  journal = {Doklady Akademii Nauk SSSR},
  year = {1965},
  volume = {163},
  pages = {845–848},
  number = {4}
}

@ARTICLE{Ker,
  author = {Auguste Kerckhoffs},
  title = {La cryptographie militaire},
  journal = {Journal des sciences militaires},
  year = {1883},
  volume = {IX},
  pages = {5-38},
  number = {II}
}

@ONLINE{MCELL,
  author = {Mirek Wojtowicz},
  title = {Cellular Automata rules lexicon},
  year = 2001,
  url = {http://psoup.math.wisc.edu/mcell/rullex_life.html},
  urldate = {2016-05-12}
}

@ONLINE{EDist,
  author = {Carlo Beenakker},
  title = {Expected edit distance},
  year = 2013,
  url = {http://mathoverflow.net/questions/128903/expected-edit-distance?rq=1},
  urldate = {2016-05-12}
}